@Article{Adler-2014,
  title = {Functional traits explain variation in plant life history strategies},
  volume = {111},
  doi = {10.1073/pnas.1315179111},
  journal = {Proceedings of the National Academy of Sciences},
  author = {P. B. Adler and R. Salguero-Gomez and A. Compagnoni and J. S. Hsu and J. Ray-Mukherjee and C. Mbeau-Ache and M. Franco},
  year = {2014},
  pages = {740--745},
}

@Article{Alvarez-1992,
  title = {Demography and Allometry of Cecropia Obtusifolia, a Neotropical Pioneer Tree - An Evaluation of the Climax-Pioneer Paradigm for Tropical Rain Forests},
  volume = {80},
  url = {http://www.jstor.org/stable/2261011},
  doi = {10.2307/2261011},
  number = {2},
  journal = {Journal of Ecology},
  author = {Elena R. Alvarez-Buylla and Miguel Martinez-Ramos},
  year = {1992},
  pages = {275--290},
}

@Article{Anderson-2015,
  title = {{CTFS}-{ForestGEO}: a worldwide network monitoring forests in an era of global change},
  volume = {21},
  doi = {10.1111/gcb.12712},
  journal = {Global {Change} {Biology}},
  author = {Kristina J. Anderson-Teixeira and Stuart J. Davies and Amy C. Bennett and Erika B. Gonzalez-Akre and Helene C. Muller-Landau and S. Joseph Wright and Kamariah Abu Salim and Ang{\'e}lica M. Almeyda Zambrano and Alfonso Alonso and Jennifer L. Baltzer and Yves Basset and Norman A. Bourg and Eben N. Broadbent and Warren Y. Brockelman and Sarayudh Bunyavejchewin and David F. R. P. Burslem and Nathalie Butt and Min Cao and Dairon Cardenas and George B. Chuyong and Keith Clay and Susan Cordell and Handanakere S. Dattaraja and Xiaobao Deng and Matteo Detto and Xiaojun Du and Alvaro Duque and David L. Erikson and Corneille E.N. Ewango and Gunter A. Fischer and Christine Fletcher and Robin B. Foster and Christian P. Giardina and Gregory S. Gilbert and Nimal Gunatilleke and Savitri Gunatilleke and Zhanqing Hao and William W. Hargrove and Terese B. Hart and Billy C.H. Hau and Fangliang He and Forrest M. Hoffman and Robert W. Howe and Stephen P. Hubbell and Faith M. Inman-Narahari and Patrick A. Jansen and Mingxi Jiang and Daniel J. Johnson and Mamoru Kanzaki and Abdul Rahman Kassim and David Kenfack and Staline Kibet and Margaret F. Kinnaird and Lisa Korte and Kamil Kral and Jitendra Kumar and Andrew J. Larson and Yide Li and Xiankun Li and Shirong Liu and Shawn K.Y. Lum and James A. Lutz and Keping Ma and Damian M. Maddalena and Jean-Remy Makana and Yadvinder Malhi and Toby Marthews and Rafizah Mat Serudin and Sean M. McMahon and William J. McShea and Herv{\'e} R. Memiaghe and Xiangcheng Mi and Takashi Mizuno and Michael Morecroft and Jonathan A. Myers and Vojtech Novotny and Alexandre A.  {de Oliveira} and Perry S. Ong and David A. Orwig and Rebecca Ostertag and Jan  {den Ouden} and Geoffrey G. Parker and Richard P. Phillips and Lawren Sack and Moses N. Sainge and Weiguo Sang and Kriangsak Sri-ngernyuang and Raman Sukumar and I-Fang Sun and Witchaphart Sungpalee and Hebbalalu Sathyanarayana Suresh and Sylvester Tan and Sean C. Thomas and Duncan W. Thomas and Jill Thompson and Benjamin L. Turner and Maria Uriarte and Renato Valencia and Marta I. Vallejo and Alberto Vicentini and Tom{\'a}{\v s} Vr{\v s}ka and Xihua Wang and Xugao Wang and George Weiblen and Amy Wolf and Han Xu and Sandra Yap and Jess Zimmerman},
  year = {2015},
  pages = {528--549},
}

@Article{Anten-2010,
  title = {The role of wood mass density and mechanical constraints in the economy of tree architecture.},
  volume = {175},
  url = {http://dx.doi.org/10.1086/649581},
  doi = {10.1086/649581},
  number = {2},
  journal = {The American Naturalist},
  author = {Niels P. R. Anten and Feike Schieving},
  year = {2010},
  pages = {250--260},
}

@Article{Baltzer-2007,
  title = {Determinants of whole-plant light requirements in {Bornean} rain forest tree saplings},
  volume = {95},
  url = {http://www.blackwell-synergy.com/doi/abs/10.1111/j.1365-2745.2007.01286.x},
  doi = {10.1111/j.1365-2745.2007.01286.x},
  number = {6},
  journal = {Journal of Ecology},
  author = {J. L. Baltzer and S. C. Thomas},
  year = {2007},
  pages = {1208--1221},
}

@Article{Blackman-1919,
  title = {The compound interest law and plant growth},
  volume = {os-33},
  url = {http://aob.oxfordjournals.org/content/os-33/3/353.full.pdf},
  number = {3},
  journal = {Annals of Botany},
  author = {V. H. Blackman},
  year = {1919},
  pages = {353--360},
}

@Article{Castro-1998,
  title = {Stem anatomy and relative growth rate in seedlings of a wide range of woody plant species and types},
  volume = {116},
  doi = {10.1007/s004420050563},
  number = {1-2},
  journal = {Oecologia},
  author = {P. Castro-Diez and J. P. Puyravaud and J. H. C. Cornelissen and P. Villar-Salvador},
  year = {1998},
  pages = {57--66},
}

@Article{Chave-2009,
  title = {Towards a worldwide wood economics spectrum},
  volume = {12},
  url = {http://www3.interscience.wiley.com/journal/122210831/abstract},
  doi = {10.1111/j.1461-0248.2009.01285.x},
  number = {4},
  journal = {Ecology Letters},
  author = {J. Chave and D. A. Coomes and S. Jansen and S. L. Lewis and N. G. Swenson and A. Zanne},
  year = {2009},
  pages = {351--366},
}

@Article{Clark-2012,
  title = {Annual tree growth, mortality, physical condition, and microsite in an old-growth tropical rain forest, 1983--2010},
  volume = {93},
  url = {http://www.esajournals.org/doi/abs/10.1890/11-1341.1},
  doi = {10.1890/11-1341.1},
  number = {1},
  journal = {Ecology},
  author = {David B. Clark and Deborah A. Clark},
  year = {2012},
  pages = {213},
}

@Article{Condit-2012,
  title = {Barro Colorado Forest Census Plot Data, 2012 Version},
  url = {https://repository.si.edu/handle/10088/20925},
  doi = {10.5479/data.bci.20130603},
  journal = {Center for Tropical Forest Science Databases},
  author = {R. Condit and Suzanne Lao and Rolando P{\'e}rez and Steven B. Dollins and R. Foster and Stephen Hubbell},
  year = {2012},
}

@Article{Coomes-2011,
  title = {A general integrative framework for modelling woody biomass production and carbon sequestration rates in forests},
  volume = {100},
  doi = {10.1111/j.1365-2745.2011.01920.x},
  journal = {Journal of Ecology},
  author = {David A. Coomes and Robert J. Holdaway and Richard K. Kobe and Emily R. Lines and Robert B. Allen},
  year = {2011},
  pages = {42--64},
}

@Article{Cornelissen-1996,
  title = {Seedling growth, allocation and leaf attributes in a wide range of woody plant species and types},
  volume = {84},
  number = {5},
  journal = {Journal of Ecology},
  author = {J. H. C. Cornelissen and P. C. Diez and R. Hunt},
  year = {1996},
  pages = {755--765},
}

@Article{Cornwell-2014,
  title = {Functional distinctiveness of major plant lineages},
  volume = {102},
  url = {http://doi.wiley.com/10.1111/1365-2745.12208},
  doi = {10.1111/1365-2745.12208},
  number = {2},
  journal = {Journal of Ecology},
  author = {William K. Cornwell and Mark Westoby and D. S. Falster and Richard G. FitzJohn and Brian C. O'Meara and Matthew W. Pennell and Daniel J. McGlinn and Jonathan M. Eastman and Angela T. Moles and Peter B. Reich and David C. Tank and Ian J. Wright and Lonnie Aarssen and Jeremy M. Beaulieu and Robert M. Kooyman and Michelle R. Leishman and Eliot T. Miller and {\H U}lo Niinemets and Jacek Oleksyn and Alejandro Ordonez and Dana L. Royer and Stephen A. Smith and Peter F. Stevens and Laura Warman and Peter Wilf and Amy E. Zanne},
  year = {2014},
  pages = {345--356},
}

@Article{DeKauwe-2014,
  title = {Where does the carbon go? {A} model-data intercomparison of vegetation carbon allocation and turnover processes at two temperate forest free-air {{CO2}} enrichment sites},
  volume = {203},
  doi = {10.1111/nph.12847},
  journal = {New Phytologist},
  author = {Martin G. {De Kauwe} and Belinda E. Medlyn and S{\"o}nke Zaehle and Anthony P. Walker and Michael C. Dietze and Ying-Ping Wang and Yiqi Luo and Atul K. Jain and Bassil El-Masri and Thomas Hickler and David W\aa{}rlind and Ensheng Weng and William J. Parton and Peter E. Thornton and Shusen Wang and I. Colin Prentice and Shinichi Asao and Benjamin Smith and Heather R. McCarthy and Colleen M. Iversen and Paul J. Hanson and Jeffrey M. Warren and Ram Oren and Richard J. Norby},
  year = {2014},
  pages = {883--899},
}

@Article{Diaz-2016,
  title = {The Global Spectrum of Plant Form and Function},
  volume = {529},
  doi = {10.1038/nature16489},
  journal = {Nature},
  author = {Sandra D{\'i}az and Jens Kattge and Johannes H. C. Cornelissen and Ian J. Wright and Sandra Lavorel and St{\'e}phane Dray and Bj{\"o}rn Reu and Michael Kleyer and Christian Wirth and I. Colin Prentice and Eric Garnier and Gerhard B{\"o}nisch and Mark Westoby and Hendrik Poorter and Peter B. Reich and Angela T. Moles and John Dickie and Andrew N. Gillison and Amy E. Zanne and J{\'e}rôme Chave and S. J. Wright and Serge N. Sheremet’ev and Herv{\'e} Jactel and Christopher Baraloto and Bruno Cerabolini and Simon Pierce and Bill Shipley and Donald Kirkup and Fernando Casanoves and Julia S. Joswig and Angela Günther and Valeria Falczuk and Nadja Rüger and Miguel D. Mahecha and Lucas D. Gorn{\'e}},
  year = {2016},
  pages = {167--171},
}


@Article{Duursma-2016,
  title = {Leaf mass per area, not total leaf area, drives differences in above-ground biomass distribution among woody plant functional types},
  doi = {10.1111/nph.14033},
  journal = {New Phytologist},
  author = {Remko A. Duursma and Daniel S. Falster},
  year = {2016},
  pages = {Accepted 28/04/2016},
  preprint = {10.1101/025361},
}

@Book{Eddelbuettel-2013,
  title = {Seamless {R} and {C++} integration with {Rcpp}},
  author = {Dirk Eddelbuettel},
  publisher = {Springer},
  address = {New York},
  year = {2013},
}

@Manual{Eddelbuettel-2015,
  title = {BH: Boost C++ Header Files},
  author = {Dirk Eddelbuettel and John W. Emerson and Michael J. Kane},
  year = {2015},
  url = {http://CRAN.R-project.org/package=BH},
}

@Article{Enquist-1999,
  title = {Allometric scaling of production and life-history variation in vascular plants},
  volume = {401},
  journal = {Nature},
  author = {B. J. Enquist and G. B. West and E. L. Charnov and J. H. Brown},
  year = {1999},
  doi = {10.1038/44819},
  pages = {907--911},
}

@Article{Enquist-2007,
  title = {A general integrative model for scaling plant growth, carbon flux, and functional trait spectra},
  volume = {449},
  url = {http://dx.doi.org/10.1038/nature06061},
  number = {7159},
  journal = {Nature},
  author = {Brian J. Enquist and Andrew J. Kerkhoff and Scott C. Stark and Nathan G. Swenson and Megan C. McCarthy and Charles A. Price},
  year = {2007},
  pages = {218--222},
}

@Article{Falster-2011,
  title = {Influence of four major plant traits on average height, leaf-area cover, net primary productivity, and biomass density in single-species forests: a theoretical investigation},
  volume = {99},
  url = {http://doi.org/10.1111/j.1365-2745.2010.01735.x},
  doi = {10.1111/j.1365-2745.2010.01735.x},
  number = {1},
  journal = {Journal of Ecology},
  author = {D. S. Falster and {\AA}ke Br{\"a}nnstr{\"o}m and U. Dieckmann and M. Westoby},
  year = {2011},
  pages = {148--164},
}

@Article{Falster-2015a,
  title = {Multi-trait eco-evolutionary dynamics explain niche diversity and evolved neutrality in forests},
  doi = {10.1101/014605},
  journal = {bioRxiv},
  author = {D. S. Falster and {\AA}ke {Br{\"a}nnstr{\"o}m} and Mark Westoby and Ulf Dieckmann},
  year = {2015},
  pages = {014605},
}

@Article{Falster-2015b,
  title = {{BAAD}: {a Biomass And Allometry Database} for woody plants},
  volume = {96},
  url = {http://www.esajournals.org/doi/abs/10.1890/14-1889.1},
  doi = {10.1890/14-1889.1},
  number = {5},
  journal = {Ecology},
  author = {Daniel S. Falster and Remko A. Duursma and Masae I. Ishihara and Diego R. Barneche and Richard G. FitzJohn and Angelica V{\aa}rhammar and Masahiro Aiba and Makoto Ando and Niels Anten and Michael J. Aspinwall and Jennifer L. Baltzer and Christopher Baraloto and Michael Battaglia and John J. Battles and Ben Bond-Lamberty and Michiel {van Breugel} and James Camac and Yves Claveau and Llu{\'i}s Coll and Masako Dannoura and Sylvain Delagrange and Jean-Christophe Domec and Farrah Fatemi and Wang Feng and Veronica Gargaglione and Yoshiaki Goto and Akio Hagihara and Jefferson S. Hall and Steve Hamilton and Degi Harja and Tsutom Hiura and Robert Holdaway and Lindsay S. Hutley and Tomoaki Ichie and Eric J. Jokela and Anu Kantola and Jeff W. G. Kelly and Tanaka Kenzo and David King and Brian D. Kloeppel and Takashi Kohyama and Akira Komiyama and Jean-Paul Laclau and Christopher H. Lusk and Douglas A. Maguire and Guerric {le Maire} and Annikki M{\"a}kel \"a and Lars Markesteijn and John Marshall and Katherine McCulloh and Itsuo Miyata and Karel Mokany and Shigeta Mori and Randall W. Myster and Masahiro Nagano and Shawna L. Naidu and Yann Nouvellon and Anthony P. O'Grady and Kevin L. O'Hara and Toshiyuki Ohtsuka and Noriyuki Osada and Olusegun O. Osunkoya and Pablo Luis Peri and Any Mary Petritan and Lourens Poorter and Angelika Portsmuth and Catherine Potvin and Johannes Ransijn and Douglas Reid and Sabina C. Ribeiro and Scott D. Roberts and Rolando Rodr{\'i}guez and Angela Salda{\~n}a-Acosta and Ignacio Santa-Regina and Kaichiro Sasa and N. Galia Selaya and Stephen C. Sillett and Frank Sterck and Kentaro Takagi and Takeshi Tange and Hiroyuki Tanouchi and David Tissue and Toru Umehara and Hajime Utsugi and Matthew A. Vadeboncoeur and Fernando Valladares and Petteri Vanninen and Jian R. Wang and Elizabeth Wenk and Richard Williams and Fabiano de Aquino Ximenes and Atsushi Yamaba and Toshihiro Yamada and Takuo Yamakura and Ruth D. Yanai and Robert A. York},
  date = {01/05/2015},
  year = {2015},
  pages = {1445},
}

@Article{Falster-2016,
  author = {D S Falster and R G FitzJohn and {\AA}ke Br{\"a}nnstr{\"o}m and U Dieckmann and M Westoby},
  title = {plant: A package for modelling forest trait ecology and evolution},
  journal = {Methods in Ecology and Evolution},
  date = {21/02/2016},
  year = {2016},
  doi = {10.1111/2041-210X.12525},
  volume = {7},
  pages = {136-146},
}

@Article{Fan-2012,
  title = {Hydraulic conductivity traits predict growth rates and adult stature of 40 Asian tropical tree species better than wood density},
  volume = {100},
  number = {3},
  journal = {Journal of Ecology},
  author = {Z.-X. Fan and S.-B. Zhang and G.-Y. Hao and {J.W.} Ferry Slik and K.-F. Cao},
  year = {2012},
  pages = {732--741},
}

@Article{Fyllas-2012,
  title = {Deriving Plant Functional Types for Amazonian forests for use in vegetation dynamics models},
  volume = {14},
  url = {http://linkinghub.elsevier.com/retrieve/pii/S1433831911000692},
  doi = {10.1016/j.ppees.2011.11.001},
  number = {2},
  journal = {Perspectives in Plant Ecology, Evolution and Systematics},
  author = {Nikolaos M. Fyllas and Carlos A. Quesada and Jon Lloyd},
  year = {2012},
  pages = {97--110},
}

@Article{Gibert-2016,
  title = {On the link between functional traits and growth rate: meta-analysis shows effects change with plant size, as predicted},
  doi = {10.1111/1365-2745.12594},
  journal = {Journal of Ecology},
  author = {Anaïs Gibert and Emma F. Gray and Mark Westoby and Ian J. Wright and Daniel S. Falster},
  year = {2016},
  volume = {104},
  pages = {1488--1503},
}

@Article{Givnish-1988,
  title = {Adaptation to sun and shade: a whole-plant perspective},
  volume = {15},
  url = {http://dx.doi.org/10.1071/PP9880063},
  doi = {10.1071/PP9880063},
  number = {2},
  journal = {Australian Journal of Plant Physiology},
  author = {T. J. Givnish},
  year = {1988},
  pages = {63--92},
}

@Article{Gower-1993,
  title = {Canopy dynamics and aboveground production of five tree species with different leaf longevities},
  volume = {12},
  doi = {10.1093/treephys/12.4.327},
  journal = {Tree Physiology},
  author = {S. T. Gower and P. B. Reich and Y. Son},
  year = {1993},
  pages = {327--345},
}

@Article{Herault-2011,
  title = {Functional traits shape ontogenetic growth trajectories of rain forest tree species},
  volume = {99},
  url = {http://onlinelibrary.wiley.com/doi/10.1111/j.1365-2745.2011.01883.x/abstract},
  doi = {10.1111/j.1365-2745.2011.01883.x},
  journal = {Journal of Ecology},
  author = {Bruno H{\'e}rault and B{\'e}n{\'e}dicte Bachelot and Lourens Poorter and Vivien Rossi and Frans Bongers and J{\'e}rôme Chave and C. E. Timothy Paine and Fabien Wagner and Christopher Baraloto},
  year = {2011},
  pages = {1431--1440},
}

@Article{Iida-2014,
  title = {Linking functional traits and demographic rates in a subtropical tree community: the importance of size dependency},
  url = {http://doi.wiley.com/10.1111/1365-2745.12221},
  doi = {10.1111/1365-2745.12221},
  journal = {Journal of Ecology},
  author = {Yoshiko Iida and Takashi S. Kohyama and Nathan G. Swenson and Sheng-Hsin Su and Chien-Teh Chen and Jyh-Min Chiang and I-Fang Sun},
  editor = {Pieter Zuidema},
  year = {2014},
  pages = {641--650},
  number = {102},
}

@Article{Ishihara-2016,
  title = {A new model for size-dependent tree growth in forests},
  volume = {11},
  doi = {10.1371/journal.pone.0152219},
  number = {4},
  journal = {PLOS ONE},
  author = {Masae Iwamoto Ishihara and Yasuo Konno and Kiyoshi Umeki and Yasuyuki Ohno and Kihachiro Kikuzawa},
  year = {2016},
  pages = {e0152219},
}

@Article{King-1994,
  title = {Influence of light level on the growth and morphology of saplings in a Panamanian forest},
  volume = {81},
  url = {http://www.jstor.org/stable/2445287},
  number = {8},
  journal = {American Journal of Botany},
  author = {D. A. King},
  year = {1994},
  pages = {948--957},
}

@Article{King-1999,
  title = {Juvenile Foliage and the Scaling of Tree Proportions, with Emphasis on Eucalyptus},
  volume = {80},
  url = {http://www.jstor.org/stable/176670},
  doi = {10.2307/176670},
  number = {6},
  journal = {Ecology},
  author = {David A. King},
  year = {1999},
  pages = {1944--1954},
}

@Article{King-2005,
  title = {Linking tree form, allocation and growth with an allometrically explicit model},
  volume = {185},
  url = {http://www.sciencedirect.com/science/article/pii/S0304380004005976},
  doi = {10.1016/j.ecolmodel.2004.11.017},
  number = {1},
  journal = {Ecological Modelling},
  author = {David A King},
  year = {2005},
  pages = {77--91},
}

@Article{King-2006,
  title = {Growth and mortality are related to adult tree size in a Malaysian mixed dipterocarp forest},
  volume = {223},
  url = {http://www.sciencedirect.com/science/article/B6T6X-4HTCTKY-3/2/2958e9703be55535981a9402b357d1f5},
  doi = {10.1016/j.foreco.2005.10.066},
  number = {1-3},
  journal = {Forest Ecology and Management},
  author = {D. A. King and S. J. Davies and N. S. M. Noor},
  year = {2006},
  pages = {152--158},
}

@Article{King-2006,
  title = {Growth and mortality are related to adult tree size in a Malaysian mixed dipterocarp forest},
  volume = {223},
  url = {http://www.sciencedirect.com/science/article/B6T6X-4HTCTKY-3/2/2958e9703be55535981a9402b357d1f5},
  doi = {10.1016/j.foreco.2005.10.066},
  number = {1-3},
  journal = {Forest Ecology and Management},
  author = {D. A. King and S. J. Davies and N. S. M. Noor},
  year = {2006},
  pages = {152--158},
}

@InCollection{King-2011,
  series = {Tree Physiology},
  title = {Size-Related Changes in Tree Proportions and Their Potential Influence on the Course of Height Growth},
  volume = {4},
  isbn = {978-94-007-1242-3},
  url = {http://www.springerlink.com/content/h0kr4004hm163551/abstract/},
  booktitle = {Size- and Age-Related Changes in Tree Structure and Function},
  publisher = {Springer Netherlands},
  author = {David A. King},
  editor = {Frederick C. C. Meinzer and Barbara Lachenbruch and Todd E. E. Dawson and Frederick C. Meinzer and {\H U}lo Niinemets},
  year = {2011},
  pages = {165--191},
}

@Article{Kitajima-2013,
  title = {Leaf life span spectrum of tropical woody seedlings: effects of light and ontogeny and consequences for survival},
  volume = {112},
  url = {http://aob.oxfordjournals.org/content/112/4/685},
  doi = {10.1093/aob/mct036},
  number = {4},
  journal = {Annals of Botany},
  author = {Kaoru Kitajima and Roberto A. Cordero and S. Joseph Wright},
  year = {2013},
  pages = {685--699},
}

@Article{Kneeshaw-2006,
  title = {Sapling size influences shade tolerance ranking among southern boreal tree species},
  volume = {94},
  url = {http://dx.doi.org/10.1111/j.1365-2745.2005.01070.x},
  doi = {10.1111/j.1365-2745.2005.01070.x},
  number = {2},
  journal = {Journal of Ecology},
  author = {D. D. Kneeshaw and R. K. Kobe and K. D. Coates and C. Messier},
  year = {2006},
  pages = {471--480},
}

@Article{Koch-2004,
  title = {The limits to tree height},
  volume = {428},
  journal = {Nature},
  author = {George W. Koch and Stephen C. Sillett and Gregory M. Jennings and Stephen D. Davis},
  year = {2004},
  pages = {851--854},
}

@Book{Kokko-2007,
  address = {Cambridge},
  title = {Modelling for field biologists and other interesting people},
  isbn = {9786610917327},
  url = {http://simsrad.net.ocs.mq.edu.au/login?url=http://www.myilibrary.com?id=91732},
  publisher = {Cambridge University Press},
  author = {Hanna Kokko},
  year = {2007},
}

@Article{Kunstler-2009,
  title = {Size-dependence of growth and mortality influence the shade tolerance of trees in a lowland temperate rain forest},
  volume = {97},
  url = {http://dx.doi.org/10.1111/j.1365-2745.2009.01482.x},
  doi = {10.1111/j.1365-2745.2009.01482.x},
  number = {4},
  journal = {Journal of Ecology},
  author = {Georges Kunstler and David A. Coomes and Charles D. Canham},
  year = {2009},
  pages = {685--695},
}

@Article{Kunstler-2010,
  title = {Effects of competition on tree radial‐growth vary in importance but not in intensity along climatic gradients},
  volume = {99},
  url = {http://onlinelibrary.wiley.com/doi/10.1111/j.1365-2745.2010.01751.x/full},
  doi = {10.1111/j.1365-2745.2010.01751.x},
  number = {1},
  journal = {Journal of Ecology},
  author = {Georges Kunstler and C{\'e}cile H. Albert and Benoît Courbaud and S{\'e}bastien Lavergne and Wilfried Thuiller and Ghislain Vieilledent and Niklaus E. Zimmermann and David A. Coomes},
  year = {2010},
  pages = {300--312},
}

@Article{Kunstler-2016,
  title = {Plant functional traits have globally consistent effects on competition},
  volume = {529},
  pages = {204--207},
  doi = {10.1038/nature16476},
  journal = {Nature},
  author = {Georges Kunstler and Daniel Falster and David A. Coomes and Francis Hui and Robert M. Kooyman and Daniel C. Laughlin and Lourens Poorter and Mark Vanderwel and Ghislain Vieilledent and S. Joseph Wright and Masahiro Aiba and Christopher Baraloto and John Caspersen and J. Hans C. Cornelissen and Sylvie Gourlet-Fleury and Marc Hanewinkel and Bruno Herault and Jens Kattge and Hiroko Kurokawa and Yusuke Onoda and Josep Pe{\~n}uelas and Hendrik Poorter and Maria Uriarte and Sarah Richardson and Paloma Ruiz-Benito and I.-Fang Sun and G{\"o}ran St{\aa}hl and Nathan G. Swenson and Jill Thompson and Bertil Westerlund and Christian Wirth and Miguel A. Zavala and Hongcheng Zeng and Jess K. Zimmerman and Niklaus E. Zimmermann and Mark Westoby},
  year = {2016},
  date = {14/01/2016},
}

@Article{Korner-2011,
  title = {The Grand Challenges in Functional Plant Ecology},
  doi = {10.3389/fpls.2011.00001},
  journal = {Frontiers in Functional Plant Ecology},
  author = {Christian K{\"o}rner},
  year = {2011},
  pages = {1},
}


@InCollection{Lambers-1992,
  title = {Inherent Variation in Growth Rate Between Higher Plants: A Search for Physiological Causes and Ecological Consequences},
  volume = {23},
  isbn = {0065-2504},
  url = {http://www.sciencedirect.com/science/article/pii/S0065250408601488},
  booktitle = {Advances in Ecological Research},
  publisher = {Academic Press},
  author = {Hans Lambers and Hendrik Poorter},
  editor = {{M. Begon and A.H. Fitter}},
  year = {1992},
  pages = {187--261},
}

@Article{Larjavaara-2010,
  title = {Rethinking the value of high wood density},
  volume = {24},
  doi = {10.1111/j.1365-2435.2010.01698.x},
  number = {4},
  journal = {Functional Ecology},
  author = {M. Larjavaara and H. C Muller-Landau},
  year = {2010},
  pages = {701--705},
}

@Article{Li-2014,
  title = {Simulation of tree-ring widths with a model for primary production, carbon allocation, and growth},
  volume = {11},
  url = {http://www.biogeosciences.net/11/6711/2014/},
  doi = {10.5194/bg-11-6711-2014},
  number = {23},
  journal = {Biogeosciences},
  author = {G. Li and S. P. Harrison and I. C. Prentice and D. S. Falster},
  date = {04/12/2014},
  year = {2014},
  pages = {6711--6724},
}

@Article{Lusk-2008,
  title = {Ontogenetic Variation in Light Requirements of Juvenile Rainforest Evergreens},
  volume = {22},
  url = {http://www.blackwell-synergy.com/doi/abs/10.1111/j.1365-2435.2008.01384.x},
  doi = {10.1111/j.1365-2435.2008.01384.x},
  number = {3},
  journal = {Functional Ecology},
  author = {C. H. Lusk and D. S. Falster and C. K. Jara-Vergara and M. Jimenez-Castillo and A. Salda{\~n}a-Mendoza},
  year = {2008},
  pages = {454--459},
}

@Article{Lusk-2011,
  title = {Ontogeny, understorey light interception and simulated carbon gain of juvenile rainforest evergreens differing in shade tolerance},
  volume = {108},
  url = {http://aob.oxfordjournals.org/cgi/doi/10.1093/aob/mcr166},
  doi = {10.1093/aob/mcr166},
  journal = {Annals of Botany},
  author = {C. H. Lusk and M. M. Perez-Millaqueo and F. I. Piper and A. Saldana},
  year = {2011},
  pages = {419--428},
}

@Article{Lusk-2013,
  title = {The Whole-Plant Compensation Point as a Measure of Juvenile Tree Light Requirements},
  volume = {27},
  doi = {10.1111/1365-2435.12129},
  journal = {Functional Ecology},
  author = {Christopher H. Lusk and Murray. A. Jorgensen},
  year = {2013},
  pages = {1286--1294},
}

@Article{Makela-1997,
  title = {A Carbon Balance Model of Growth and Self-Pruning in Trees Based on Structural Relationships},
  volume = {43},
  journal = {Forest Science},
  author = {A. M{\"a}kel{\"a}},
  year = {1997},
  pages = {7--24},
}

@Article{Moles-2006,
  title = {Seed size and plant strategy across the whole life cycle},
  volume = {113},
  doi = {10.1111/j.0030-1299.2006.14194.x},
  journal = {Oikos},
  author = {A. T. Moles and M. Westoby},
  year = {2006},
  pages = {91--105},
}

@Article{Moorcroft-2001,
  title = {A method for scaling vegetation dynamics: the ecosystem demography model ({ED})},
  volume = {71},
  doi = {10.1890/0012-9615(2001)071[0557:AMFSVD]2.0.CO;2},
  journal = {Ecological Monographs},
  author = {P. R. Moorcroft and G. C. Hurtt and S. W. Pacala},
  year = {2001},
  pages = {557--586},
}

@Article{Mori-2010,
  title = {Mixed-Power Scaling of Whole-Plant Respiration from Seedlings to Giant Trees},
  volume = {107},
  url = {http://www.pnas.org/content/107/4/1447},
  doi = {10.1073/pnas.0902554107},
  number = {4},
  journal = {Proceedings of the National Academy of Sciences},
  author = {Shigeta Mori and Keiko Yamaji and Atsushi Ishida and Stanislav G. Prokushkin and Oxana V. Masyagina and Akio Hagihara and A. T. M. Rafiqul Hoque and Rempei Suwa and Akira Osawa and Tomohiro Nishizono and Tatsushiro Ueda and Masaru Kinjo and Tsuyoshi Miyagi and Takuya Kajimoto and Takayoshi Koike and Yojiro Matsuura and Takeshi Toma and Olga A. Zyryanova and Anatoly P. Abaimov and Yoshio Awaya and Masatake G. Araki and Tatsuro Kawasaki and Yukihiro Chiba and Marjnah Umari},
  year = {2010},
  pages = {1447--1451},
}

@Article{Niinemets-2010,
  title = {A review of light interception in plant stands from leaf to canopy in different plant functional types and in species with varying shade tolerance},
  volume = {25},
  doi = {10.1007/s11284-010-0712-4},
  journal = {Ecological Research},
  author = {{\"U}lo Niinemets},
  year = {2010},
  pages = {693--714},
}

@Article{Niklas-2000,
  title = {The evolution of plant body plans—a biomechanical perspective},
  volume = {85},
  url = {http://aob.oxfordjournals.org/cgi/doi/10.1006/anbo.1999.1100},
  doi = {10.1006/anbo.1999.1100},
  number = {4},
  journal = {Annals of Botany},
  author = {K Niklas},
  year = {2000},
  pages = {411--438},
}

@Article{Osada-2003,
  title = {Estimation of crown characters and leaf biomass from leaf litter in a Malaysian canopy species, Elateriospermum tapos (Euphorbiaceae)},
  volume = {177},
  url = {http://www.sciencedirect.com/science/article/pii/S0378112702003936},
  doi = {10.1016/S0378-1127(02)00393-6},
  number = {1--3},
  journal = {Forest Ecology and Management},
  author = {Noriyuki Osada and Hiroshi Takeda and Hideyuki Kawaguchi and Akio Furukawa and Muhamad Awang},
  year = {2003},
  pages = {379--386},
}

@Article{Osazuwa-2014,
  title = {Radial variation in wood specific gravity of tropical tree species differing in growth--mortality strategies},
  volume = {101},
  doi = {10.3732/ajb.1400040},
  number = {5},
  journal = {American {Journal} of {Botany}},
  author = {{Oyomoare} {L}. Osazuwa-{Peters} and {S}. {Joseph} {Wright} and {Amy} {E}. {Zanne}},
  year = {2014},
  pages = {803--811},
}

@Article{Osunkoya-1996,
  title = {Light requirements for regeneration in tropical forest plants: Taxon-level and ecological attribute effects},
  volume = {21},
  number = {4},
  journal = {Australian Journal of Ecology},
  author = {O. O. Osunkoya},
  year = {1996},
  pages = {429--441},
}

@Article{Paine-2011,
  title = {How to fit nonlinear plant growth models and calculate growth rates: an update for ecologists},
  url = {http://onlinelibrary.wiley.com/doi/10.1111/j.2041-210X.2011.00155.x/abstract},
  doi = {10.1111/j.2041-210X.2011.00155.x},
  year = {2011},
  journal = {Methods in Ecology and Evolution},
  author = {C. E. Timothy Paine and Toby R Marthews and Deborah R Vogt and Drew Purves and Mark Rees and Andy Hector and Lindsay A Turnbull},
}

@Article{Paine-2015,
  title = {Globally, Functional Traits Are Weak Predictors of Juvenile Tree Growth, and We Do Not Know Why},
  volume = {103},
  doi = {10.1111/1365-2745.12401},
  journal = {Journal of Ecology},
  author = {C. E. Timothy Paine and Lucy Amissah and Harald Auge and Christopher Baraloto and Martin Baruffol and Nils Bourland and Helge Bruelheide and Kasso Daïnou and Roland C.    {de Gouvenain} and Jean-Louis Doucet and Susan Doust and Paul V. A. Fine and Claire Fortunel and Josephine Haase and Karen D. Holl and Herv{\'e} Jactel and Xuefei Li and Kaoru Kitajima and Julia Koricheva and Cristina Mart{\'i}nez-Garza and Christian Messier and Alain Paquette and Christopher Philipson and Daniel Piotto and Lourens Poorter and Juan M. Posada and Catherine Potvin and Kalle Rainio and Sabrina E. Russo and Mariacarmen Ruiz-Jaen and Michael Scherer-Lorenzen and Campbell O. Webb and S. Joseph Wright and Rakan A. Zahawi and Andy Hector},
  year = {2015},
  pages = {978--989},
}

@Article{Poorter-2006,
  title = {Leaf traits are good predictors of plant performance across 53 rain forest species},
  volume = {87},
  doi = {10.1890/0012-9658(2006)87[1733:LTAGPO]2.0.CO;2},
  journal = {Ecology},
  author = {{L}. Poorter and {F}. {Bongers}},
  year = {2006},
  pages = {1733--1743},
}

@Article{Poorter-2007,
  title = {Carbohydrate storage and light requirements of tropical moist and dry forest tree species},
  volume = {88},
  url = {http://www.esajournals.org/perlserv/?request=get-document&doi=10.1890/06-0984},
  doi = {10.1890/06-0984},
  number = {4},
  journal = {Ecology},
  author = {L. Poorter and K. Kitajima},
  year = {2007},
  pages = {1000--1011},
}

@Article{Poorter-2008,
  title = {Are functional traits good predictors of demographic rates? {Evidence} from five {Neotropical} forests},
  volume = {89},
  doi = {10.1890/07-0207.1},
  number = {7},
  journal = {Ecology},
  author = {L Poorter and S. J. Wright and H Paz and {DD} Ackerly and R. Condit and G Ibarra-Manriques and {KE} Harms and {JC} Licona and M Martinez-Ramos and {SJ} Mazer and H. C. Muller-Landau and M Pena-Claros and {CO} Webb and {IJ} Wright},
  year = {2008},
  pages = {1908--1920},
}

@Article{Purves-2008,
  title = {Predictive models of forest dynamics},
  volume = {320},
  url = {http://www.sciencemag.org/cgi/content/abstract/320/5882/1452},
  doi = {10.1126/science.1155359},
  number = {5882},
  journal = {Science},
  author = {Drew Purves and Stephen Pacala},
  year = {2008},
  pages = {1452--1453},
}

@Manual{R-2015,
  title = {{R}: a language and environment for statistical computing},
  author = {{R Core Team}},
  organization = {R Foundation for Statistical Computing},
  address = {Vienna, Austria},
  year = {2015},
  url = {http://www.R-project.org/},
}

@Article{Raupach-2010,
  title = {Carbon and the Anthropocene},
  volume = {2},
  url = {http://www.sciencedirect.com/science/article/B985C-5086GRJ-1/2/d56af80d9baea7905860fb45fc009487},
  doi = {10.1016/j.cosust.2010.04.003},
  journal = {Current Opinion in Environmental Sustainability},
  author = {Michael R Raupach and Josep G Canadell},
  year = {2010},
  pages = {210--218},
}

@Article{Rees-2010,
  title = {Partitioning the components of relative growth rate: how important is plant size variation?},
  volume = {176},
  url = {http://www.jstor.org/stable/10.1086/657037},
  doi = {10.1086/657037},
  journal = {The American Naturalist},
  author = {Mark Rees and Colin P. Osborne and F. Ian Woodward and Stephen P. Hulme and Lindsay A. Turnbull and Samuel H. Taylor},
  year = {2010},
  pages = {E152--E161},
}

@Article{Reich-1992,
  title = {Leaf life-span in relation to leaf, plant, and stand characteristics among diverse ecosystems},
  volume = {62},
  url = {http://www.jstor.org/stable/10.2307/2937116},
  number = {3},
  journal = {Ecological Monographs},
  author = {P. B. Reich and M. B. Walters and D. S. Ellsworth},
  year = {1992},
  pages = {365--392},
}

@Article{Reich-2014,
  title = {The world-wide ‘fast--slow’ plant economics spectrum: a traits manifesto},
  volume = {102},
  url = {http://onlinelibrary.wiley.com/doi/10.1111/1365-2745.12211/abstract},
  doi = {10.1111/1365-2745.12211},
  number = {2},
  journal = {Journal of Ecology},
  author = {Peter B. Reich},
  year = {2014},
  pages = {275--301},
}

@Article{Ruger-2009,
  title = {Response of recruitment to light availability across a tropical lowland rain forest community},
  volume = {97},
  url = {http://doi.wiley.com/10.1111/j.1365-2745.2009.01552.x},
  doi = {10.1111/j.1365-2745.2009.01552.x},
  journal = {Journal of Ecology},
  author = {Nadja R{\"u}ger and Andreas Huth and S. P. Hubbell and Richard Condit},
  year = {2009},
  pages = {1360--1368},
}

@Article{Ruger-2011,
  title = {Determinants of mortality across a tropical lowland rainforest community},
  volume = {120},
  url = {http://onlinelibrary.wiley.com/doi/10.1111/j.1600-0706.2010.19021.x/abstract},
  doi = {10.1111/j.1600-0706.2010.19021.x},
  number = {7},
  journal = {Oikos},
  author = {Nadja R{\"u}ger and Andreas Huth and S. P. Hubbell and Richard Condit},
  year = {2011},
  pages = {1047--1056},
}

@Article{Ruger-2012,
  title = {Functional traits explain plasticity of growth rates in tropical tree species},
  volume = {93},
  url = {]},
  doi = {10.1890/12-0622.1},
  journal = {Ecology},
  author = {Nadja R{\"u}ger and C. Wirth and S. J. Wright and Richard Condit},
  year = {2012},
  pages = {2626--2636},
}

@Article{Ryan-2006,
  title = {The hydraulic limitation hypothesis revisited},
  volume = {29},
  doi = {17080592},
  number = {3},
  journal = {Plant, Cell \& Environment},
  author = {Michael G Ryan and Nathan Phillips and Barbara J Bond},
  year = {2006},
  pages = {367--81},
  pmid = {17080592},
}

@Book{Schaling-2014,
  edition = {2nd},
  title = {The {Boost} {C}++ libraries},
  isbn = {9781937434366},
  publisher = {XML Press},
  author = {Boris Sch{\"a}ling},
  year = {2014},
}

@Article{Shinozaki-1964,
  title = {A quantitative analysis of plant form - the pipe model theory. {I. Basic} analyses},
  volume = {14},
  journal = {Japanese Journal of Ecology},
  author = {K Shinozaki and K Yoda and K Hozumi and T Kira},
  year = {1964},
  pages = {97--105},
}

@Article{Sillett-2010,
  title = {Increasing wood production through old age in tall trees},
  volume = {259},
  url = {http://www.sciencedirect.com/science/article/pii/S037811270900872X},
  doi = {10.1016/j.foreco.2009.12.003},
  number = {5},
  journal = {Forest Ecology and Management},
  author = {Stephen C. Sillett and Robert    {Van Pelt} and George W. Koch and Anthony R. Ambrose and Allyson L. Carroll and Marie E. Antoine and Brett M. Mifsud},
  year = {2010},
  pages = {976--994},
}

@Article{Sitch-2008,
  title = {Evaluation of the terrestrial carbon cycle, future plant geography and climate-carbon cycle feedbacks using five {{Dynamic Global Vegetation Models}} ({{DGVMs}})},
  volume = {14},
  doi = {10.1111/j.1365-2486.2008.01626.x},
  journal = {Global Change Biology},
  author = {S. Sitch and C. Huntingford and N Gedney and P. E. Levy and M Lomas and S. L. Piao and R. Betts and P. Ciais and P. Cox and P. Friedlingstein and C. D. Jones and I. C. Prentice and F. I Woodward},
  year = {2008},
  pages = {2015--2039},
}

@Article{Stephenson-2014,
  title = {Rate of tree carbon accumulation increases continuously with tree size},
  volume = {507},
  pages = {90--93},
  url = {http://www.nature.com/nature/journal/vaop/ncurrent/full/nature12914.html},
  doi = {10.1038/nature12914},
  journal = {Nature},
  author = {N. L. Stephenson and A. J. Das and R. Condit and S. E. Russo and P. J. Baker and N. G. Beckman and D. A. Coomes and E. R. Lines and W. K. Morris and N. R{\"u}ger and E. Álvarez and C. Blundo and S. Bunyavejchewin and G. Chuyong and S. J. Davies and Á Duque and C. N. Ewango and O. Flores and J. F. Franklin and H. R. Grau and Z. Hao and M. E. Harmon and S. P. Hubbell and D. Kenfack and Y. Lin and J.-R. Makana and A. Malizia and L. R. Malizia and R. J. Pabst and N. Pongpattananurak and S.-H. Su and I.-F. Sun and S. Tan and D. Thomas and P. J.  {van Mantgem} and X. Wang and S. K. Wiser and M. A. Zavala},
  year = {2014},
}

@Article{Thomas-1999,
  title = {Asymptotic height as a predictor of photosynthetic characteristics in Malaysian rain forest trees},
  volume = {80},
  number = {5},
  journal = {Ecology},
  author = {S. C. Thomas and F. A. Bazzaz},
  year = {1999},
  pages = {1607--1622},
}

@Article{Thomas-2010,
  title = {Photosynthetic capacity peaks at intermediate size in temperate deciduous trees},
  volume = {30},
  url = {http://treephys.oxfordjournals.org/cgi/content/abstract/30/5/555},
  doi = {10.1093/treephys/tpq005},
  number = {5},
  journal = {Tree Physiol},
  author = {Sean C. Thomas},
  year = {2010},
  pages = {555--573},
}

@InCollection{Thomas-2011,
  address = {Dordrecht},
  title = {Age-related changes in tree growth and functional biology: the role of reproduction},
  volume = {4},
  booktitle = {Size- and {{Age-Related Changes}} in {{Tree Structure}} and {{Function}}},
  publisher = {{Springer Netherlands}},
  author = {S. C. Thomas},
  editor = {Frederick C. Meinzer and Barbara Lachenbruch and Todd E. Dawson},
  year = {2011},
  pages = {33--64},
}

@Article{Thornley-2000,
  title = {Modelling the components of plant respiration: representation and realism},
  volume = {85},
  doi = {10.1006/anbo.1999.0997},
  number = {1},
  journal = {Annals of {Botany}},
  author = {{J}. {H}. {M}. Thornley and {M}. {G}. {R}. {Cannell}},
  year = {2000},
  pages = {55--67},
}

@Article{Turnbull-2012,
  title = {Plant growth rates and seed size: a re-evaluation},
  volume = {93},
  url = {http://www.esajournals.org/doi/abs/10.1890/11-0261.1},
  doi = {10.1890/11-0261.1},
  number = {6},
  journal = {Ecology},
  author = {Lindsay A. Turnbull and Christopher D. Philipson and Drew W. Purves and Rebecca L. Atkinson and Jennifer Cunniff and Anne Goodenough and Yann Hautier and Jennie Houghton and Toby R. Marthews and Colin P. Osborne and Clo{\'e} Paul-Victor and Karen E. Rose and Philippe Saner and Samuel H. Taylor and F. Ian Woodward and Andy Hector and Mark Rees},
  year = {2012},
  pages = {1283--1289},
}

@Article{Visser-2016,
  title = {Functional Traits as Predictors of Vital Rates across the Life Cycle of Tropical Trees},
  volume = {30},
  doi = {10.1111/1365-2435.12621},
  number = {2},
  journal = {Functional Ecology},
  author = {Marco D. Visser and Marjolein Bruijning and S. Joseph Wright and Helene C. Muller-Landau and Eelke Jongejans and Liza S. Comita and Hans   {de Kroon}},
  year = {2016},
  pages = {168--180},
}

@Article{Warton-2006,
  title = {Bivariate Line-Fitting Methods for Allometry},
  volume = {81},
  doi = {10.1017/S1464793106007007},
  journal = {Biological Reviews},
  author = {D. I. Warton and I. J. Wright and D. S. Falster and M. Westoby},
  year = {2006},
  pages = {259--291},
}

@Article{Wenk-2015,
  title = {Quantifying and understanding reproductive allocation schedules in plants},
  doi = {10.1002/ece3.1802},
  journal = {Ecology and Evolution},
  author = {Elizabeth H. Wenk and Daniel S. Falster},
  year = {2015},
  volume = {5},
  pages = {5521--5538},
}

@Article{Westoby-2000,
  title = {The time value of leaf area},
  volume = {155},
  number = {5},
  journal = {American Naturalist},
  author = {M. Westoby and D. Warton and P. B. Reich},
  year = {2000},
  pages = {649--656},
}

@Article{Westoby-2002,
  title = {Plant ecological strategies: some leading dimensions of variation between species},
  volume = {33},
  url = {http://dx.doi.org/10.1146/annurev.ecolsys.33.010802.150452},
  doi = {10.1146/annurev.ecolsys.33.010802.150452},
  pages = {125-159},
  journal = {Annual Review of Ecology and Systematics},
  author = {M. Westoby and D. S. Falster and A. T. Moles and P. Vesk and I. J. Wright},
  year = {2002},
}

@Article{Westoby-2006,
  title = {Land-plant ecology on the basis of functional traits},
  volume = {21},
  url = {http://doi.org/10.1016/j.tree.2006.02.004},
  doi = {10.1016/j.tree.2006.02.004},
  issue = {5},
  pages = {261-268},
  journal = {Trends in Ecology and Evolution},
  author = {M. Westoby and I. J. Wright},
  year = {2006},
}

@Article{Westoby-2012,
  title = {An evolutionary attractor model for sapwood cross section in relation to leaf area},
  volume = {303},
  url = {http://www.sciencedirect.com/science/article/pii/S0022519312001257},
  doi = {10.1016/j.jtbi.2012.03.008},
  journal = {Journal of Theoretical Biology},
  author = {M Westoby and W. K. Cornwell and D. S. Falster},
  year = {2012},
  pages = {98--109},
}

@Article{Whittaker-1974,
  title = {The Hubbard Brook ecosystem study: forest biomass and production},
  volume = {44},
  url = {http://www.jstor.org/stable/1942313},
  doi = {10.2307/1942313},
  number = {2},
  journal = {Ecological Monographs},
  author = {R. H. Whittaker and F. H. Bormann and G. E. Likens and T. G. Siccama},
  year = {1974},
  pages = {233--254},
}

@Article{Wilson-2014,
  title = {Best practices for scientific computing},
  doi = {10.1371/journal.pbio.1001745},
  journal = {PLoS Biology},
  author = {Greg Wilson and D. A. Aruliah and C. Titus Brown and Neil P. Chue Hong and Matt Davis and Richard T. Guy and Steven H. D. Haddock and Katy Huff and Ian M. Mitchell and Mark Plumbley and Ben Waugh and Ethan P. White and Paul Wilson},
  year = {2012},
  volume = {12},
  pages = {e1001745},
}

@Article{Winter-2002,
  title = {Initiation of an old-growth Douglas-fir stand in the Pacific Northwest: a reconstruction from tree-ring records},
  volume = {32},
  url = {http://mq.library.ingentaconnect.com/content/nrc/cjfr/2002/00000032/00000006/art00013},
  number = {6},
  journal = {Canadian Journal of Forest Research},
  author = {L. E. Winter and L. B. Brubaker and J. F. Franklin and E. A. Miller and D. Q. DeWitt},
  year = {2002},
  pages = {1039--1056},
}

@Article{Wright-2000,
  title = {Cross-species relationships between seedling relative growth rate, nitrogen productivity and root vs leaf function in 28 Australian woody species},
  volume = {14},
  doi = {10.1046/j.1365-2435.2000.00393.x},
  number = {1},
  journal = {Functional Ecology},
  author = {I. J. Wright and M Westoby},
  year = {2000},
  pages = {97--107},
}

@Article{Wright-2002,
  title = {Plant diversity in tropical forests: a review of mechanisms of species coexistence},
  volume = {130},
  doi = {10.1007/s004420100809},
  issue = {1},
  pages = {1-14},
  journal = {Oecologia},
  author = {S. J. Wright},
  year = {2002},
}

@Article{Wright-2004,
  title = {The world-wide leaf economics spectrum},
  volume = {428},
  url = {http://dx.doi.org/10.1038/nature02403},
  doi = {10.1038/nature02403},
  issue = {2403},
  pages = {821-827},
  journal = {Nature},
  author = {I. J. Wright and P. B. Reich and M. Westoby and {D.D.} Ackerly and Z. Baruch and F. Bongers and J. Cavender-Bares and {F.S.} Chapin and {J.H.C.} Cornelissen and M. Diemer and J. Flexas and E. Garnier and {P.K.} Groom and J. Gulias and K. Hikosaka and {B.B.} Lamont and T. Lee and W. Lee and C. Lusk and {J.J.} Midgley and M-L. Navas and {\H U}lo Niinemets and J. Oleksyn and N. Osada and H. Poorter and P. Poot and L. Prior and {V.I.} Pyankov and C. Roumet and {S.C.} Thomas and {M.G.} Tjoelker and E. Veneklaas and R. Villar},
  year = {2004},
}

@Article{Wright-2010,
  title = {Functional traits and the growth--mortality trade-off in tropical trees},
  volume = {91},
  url = {http://www.esajournals.org/doi/abs/10.1890/09-2335.1},
  doi = {10.1890/09-2335.1},
  number = {12},
  journal = {Ecology},
  author = {S. J. Wright and Kaoru Kitajima and Nathan J. B. Kraft and Peter B. Reich and I. J. Wright and Daniel E. Bunker and R. Condit and J. W. Dalling and S. J. Davies and Sandra D{\'i}az and Bettina M. J. Engelbrecht and Kyle E. Harms and S. P. Hubbell and Christian O. Marks and Maria C. Ruiz-Jaen and Cristina M. Salvador and Amy E. Zanne},
  year = {2010},
  pages = {3664--3674},
}

@Article{Wyckoff-2002,
  title = {The relationship between growth and mortality for seven co-occurring tree species in the southern Appalachian mountains},
  volume = {90},
  url = {http://www.blackwell-synergy.com/doi/abs/10.1046/j.1365-2745.2002.00691.x},
  doi = {10.1046/j.1365-2745.2002.00691.x},
  number = {4},
  journal = {Journal of Ecology},
  author = {P. H. Wyckoff and J. S. Clark},
  year = {2002},
  pages = {604--615},
}

@Article{Wyckoff-2005,
  title = {Tree growth prediction using size and exposed crown area},
  volume = {35},
  url = {http://article.pubs.nrc-cnrc.gc.ca/ppv/RPViewDoc?_handler_=HandleInitialGet&articleFile=x04-142.pdf&journal=cjfr&volume=35},
  journal = {Canadian Journal of Forest Research},
  author = {P. H. Wyckoff and J. S. Clark},
  year = {2005},
  pages = {13--20},
}

@Article{Yokozawa-1995,
  title = {Foliage profile, size structure and stem diameter plant height relationship in crowded plant-populations},
  volume = {76},
  number = {3},
  journal = {Annals of Botany},
  author = {M. Yokozawa and T. Hara},
  year = {1995},
  pages = {271--285},
}

@Article{Perez-2013,
  title = {New handbook for standardised measurement of plant functional traits worldwide},
  volume = {61},
  doi = {10.1071/BT12225},
  number = {3},
  journal = {Australian Journal of Botany},
  author = {N. P{\'e}rez-Harguindeguy and S. D{\'i}az and E. Garnier and S. Lavorel and H. Poorter and P. Jaureguiberry and M. S. Bret-Harte and W. K. Cornwell and J. M. Craine and D. E. Gurvich and C. Urcelay and E. J. Veneklaas and P. B. Reich and L. Poorter and I. J. Wright and P. Ray and L. Enrico and J. G. Pausas and A. C.  {de Vos} and N. Buchmann and G. Funes and F. Qu{\'e}tier and J. G. Hodgson and K. Thompson and H. D. Morgan and H.  {ter Steege} and M. G. A.  {van der Heijden} and L. Sack and B. Blonder and P. Poschlod and M. V. Vaieretti and G. Conti and A. C. Staver and S. Aquino and J. H. C. Cornelissen},
  year = {2013},
  pages = {167--234},
}

@Article{Zanne-2010,
  title = {Angiosperm wood structure: global patterns in vessel anatomy and their relation to wood density and potential conductivity},
  volume = {97},
  doi = {10.3732/ajb.0900178},
  number = {2},
  journal = {American Journal of Botany},
  author = {A. E. Zanne and Mark Westoby and D. S. Falster and D. D. Ackerly and S. R. Loarie and S. E. Arnold and D. A. Coomes},
  year = {2010},
  pages = {207--215},
}

@Article{Grime-1977,
  title = {Evidence for the existence of three primary strategies in plants and its relevance to ecological and evolutionary theory},
  volume = {111},
  doi = {10.1086/283244},
  number = {982},
  journal = {American Naturalist},
  author = {J. P Grime},
  year = {1977},
  pages = {1169},
}

@Article{Chesson-2000,
  title = {Mechanisms of Maintenance of Species Diversity},
  volume = {31},
  doi = {10.1146/annurev.ecolsys.31.1.343},
  journal = {Annual Review of Ecology and Systematics},
  author = {P. Chesson},
  year = {2000},
  pages = {343--366},
}

@Article{Rees-2001,
  title = {Long-Term Studies of Vegetation Dynamics},
  volume = {293},
  doi = {10.1126/science.1062586},
  journal = {Science},
  author = {M Rees and R. Condit and M. Crawley and S. W. Pacala and D. Tilman},
  year = {2001},
  pages = {650--655},
}
